@preamble{ "\newcommand{\noopsort}[1]{} "
	# "\newcommand{\printfirst}[2]{#1} "
	# "\newcommand{\singleletter}[1]{#1} "
	# "\newcommand{\switchargs}[2]{#2#1} " }
	
@ARTICLE {Snajder03,
    author  = "{\v L}ubomír {\v S}najder",
    title   = "Pochopenie rekurzie pomocou programovacieho jazyka Karel",
    journal = "Matematika Informatika Fyzika",
    year    = "2003",
    number  = "21",
    pages   = "46-49",
    month   = "mar",
    note    = "\href{http://physedu.science.upjs.sk/mif/pdf/21_i_3_snajder.pdf}{Dostupné na: http://physedu.science.upjs.sk/mif/pdf/21\_i\_3\_snajder.pdf}"
}
@ARTICLE {KOSUT97,
    author = "{\v L}ubomír Ko{\v s}út",
    title  = "Karel 3D pre Windows",
    year   = "1997",
    note   = "Bratislava"
}
@MISC {ZENIT,
    author = "Socialistický zväz mládeže. Slovenský ústredný výbor (Bratislava)",
    title = "{Č}asopis {Z}enit {p}ionierov",
    year = "1987/88"
}
@MISC {SPU,
    author = "{\v S}P{\'U}",
    title  = "Štátny vzdelávací program Informatika (Vzdelávacia oblasť: Matematika a práca s informáciami) Príloha ISCED 2",
    year   = "2014",
    url    = "http://www.statpedu.sk/sites/default/files/dokumenty/inovovany-statny-vzdelavaci-program/informatika_nsv_2014.pdf"
}

@book{bloomtax,
  title={A taxonomy for learning, teaching, and assessing: A revision of Bloom's taxonomy of educational objectives},
  author={Anderson, Lorin W and Krathwohl, David R and Bloom, Benjamin Samuel},
  year={2001},
  publisher={Allyn \& Bacon}
}

@ONLINE {statpedu,
    author = "{\v S}t{\' a}tny pedagogick{\' y} {\' u}stav",
    note    = "\href{http://www.statpedu.sk/}{Dostupné na: http://www.statpedu.sk/}"
}

@ONLINE {svp,
    author = "{\v S}t{\' a}tny pedagogick{\' y} {\' u}stav",
    title  = "{\v S}t{\' a}tny vzdel{\' a}vac{\' i} program",
    note    = "\href{http://www.statpedu.sk/clanky/statny-vzdelavaci-program}{Dostupné na: http://www.statpedu.sk/clanky/statny-vzdelavaci-program}"
}
@book{piaget1976,
  title={Piaget’s theory},
  author={Piaget, Jean},
  year={1976},
  publisher={Springer}
}

@book{veselsky,
  title={Pedagogick{\'a} psychol{\'o}gia: te{\'o}ria a prax. diel 1},
  author={Veselsk{\'y}, Milan},
  year={2004},
  publisher={Univerzita Komensk{\'e}ho}
}

@ONLINE {karelnawiki,
    author = "Wikipedia",
    title  = "Karel (programing language)",
    note    = "\href{https://en.wikipedia.org/wiki/Karel_(programming_language)}{Dostupné na: https://en.wikipedia.org/wiki/Karel\_(programming\_language)}"    
}